@article{whitted,
author    = "Turner Whitted",
title     = "An improved illumination model for shaded display",
journal   = "Communications of the ACM",
year      = "1980",
volume = "23",
pages = "343-349"
}

@article{goral,
author = "Cindy M. Goral and Kenneth E. Torrance and Donald P. Greenberg and Bennett Battalie",
title = "Modeling the interaction of light between diffuse surfaces",
journal = "Proceeding
SIGGRAPH '84 Proceedings of the 11th annual conference on Computer graphics and interactive techniques",
volume = "18",
year = "1984",
pages = "213-222"
}

@article{jensen,
author = "Henrik Wann Jensen",
title = "Global Illumination using Photon Maps",
journal = "Proceedings of the Seventh Eurographics Workshop on Rendering",
pages = "21-30",
year = "1996"
}

@booklet{globalcomp,
author = "Philip Dutré",
title = "Global Illumination Compendium",
year = "2003"
}

@book{theBook,
    author    = "Philip Dutré and Kavita Bala and Philippe Bekaert",
    title     = "Advanced Global Illumination",
    publisher = "A K Peters, Ltd.",
    edition  = "second",
    year      = "2006",
}

@misc{pointTest:10,
author={Christer Ericson},
title={Point in triangle test},
howpublished={Web page},
note={Originally from the book Realtime collision detection by Christer Ericson. \url{http://www.blackpawn.com/texts/pointinpoly/default.html}, date: 2010-10-25}
}

@misc{sdl,
title={Simple Direct Media Layer (SDL)},
howpublished={Web page},
note={\url{http://libsdl.org}}
}